@Book{book:design_patterns,
	author = {Erich Gamma \& Richard Helm \& Ralph Johnson \& John Vlissides},
	title = {Design Patterns -- Elements of Reusable Object-Oriented Software},
	publisher = {Addison-Wesley},
	year = {2008},
	key = {ISBN 0-201-63361-2},
	edition = {36th},
	month = {July},
}

@Book{book:head_first_design_patterns,
	author = {Eric Freeman \& Elisabeth Freeman},
	title = {Head First Design Patterns},
	publisher = {O'Reilly},
	year = {2004},
	key = {ISBN 978-0-596-00712-6},
	edition = {1st},
	month = {Oct},
}

@Book{book:vom_mythos_des_mann_monats,
	author = {Frederick P. Brooks jun.},
	title = {Vom Mythos des Mann-Monats -- Essays \"uber Software-Engineering},
	publisher = {Mitp-Verlag},
	year = {2003},
	key = {ISBN-13: 978-3826613555},
	month = {Nov.},
	note = {original title: The Mythical Man Month: Essays on Software Engineering},
}

@Book{book:the_pragmatic_programmer,
	author = {Andrew Hunt \& David Thomas},
	title = {The Pragmatic Programmer},
	publisher = {Addison-Wesley},
	year = {2008},
	edition = {22nd},
	month = {January},
	key = {ISBN 0-201-61622-X},
}

@Book{book:refactoring,
	author = {Martin Fowler},
	title = {Refactoring -- Improving the Design of Existing Code},
	publisher = {Addison-Wesley},
	year = {2008},
	key = {ISBN 0-201-48567-2},
	edition = {22nd},
	month = {August},
}
